%=====================================================
% Indoor Use of Gray and White Spaces: Another Look at Wireless Indoor Communication
@ARTICLE{IndoorWS, 
author={L. Bedogni and F. Malabocchia and M. Di Felice and L. Bononi}, 
journal={IEEE Vehicular Technology Magazine}, 
title={Indoor Use of Gray and White Spaces: Another Look at Wireless Indoor Communication}, 
year={2017}, 
volume={12}, 
number={1}, 
pages={63-71}, 
keywords={frequency allocation;indoor radio;television receivers;3D spectrum-sharing;TV receivers;TVWS applications;WS SDB;WS spectrum databases;fine-grained TV frequency reuse;gray spaces;long-range communications;medium-range communications;regulation standards;spectrum demand;spectrum resources;television white space;three-dimensional spectrum-sharing;urban environments;white spaces;wireless indoor communication;Frequency measurement;Sensors;Solid modeling;TV;Urban areas;White spaces}, 
doi={10.1109/MVT.2016.2598414}, 
ISSN={1556-6072}, 
month={March},
}
%====================================================
% IEEE 802.22-2011 
@MISC{IEEE_802_22,
  author = {IEEE Wireless Regional Area Networks Working Group },
  title = {Standard for Information Technology - Local and
Metropolitan Area Networks - Specific Requirements - Part 22:},
  month = {} ,
  year = {2011},
  pages={286-292},
  url = {http://www.ieee802.org/22/}
}
%====================================================
% Analogue switch-off and its implications
@INPROCEEDINGS{AnalogSwitchOff, 
author={P. Marshall}, 
booktitle={The IEE Storage and Home Networks Seminar, 2004.}, 
title={Analogue switch-off and its implications}, 
year={2004}, 
volume={}, 
number={}, 
pages={108-116}, 
keywords={content management;digital video broadcasting;telecommunication channels;wireless LAN;DHWG standard;Ethernet;PSB network;UDDP;analogue network;content management;digital network}, 
doi={10.1049/ic:20040552}, 
ISSN={0537-9989}, 
month={Nov},}
%====================================================
% How Much White-Space Capacity Is There?
@INPROCEEDINGS{White_Space_Capacity, 
author={K. Harrison and S. M. Mishra and A. Sahai}, 
booktitle={2010 IEEE Symposium on New Frontiers in Dynamic Spectrum (DySPAN)}, 
title={How Much White-Space Capacity Is There?}, 
year={2010}, 
volume={}, 
number={}, 
}

@book{book_gfdm,
	title={GFDM: Providing Flexibility for the 5G Physical Layer},
	author={L. Mendes, N. Michailow, M. Matthe, I. Gaspar, D. Zhang and G. Fettweis},
	year={2015},
	publisher={}
}
pages={1-10}, 
keywords={Internet;investment;radio spectrum management;television broadcasting;television transmitters;FCC;economic investment;power law distribution;semi empirical perspective;television transmitter database;television white space;white space capacity;wireless ISP;wireless data service;wireless pollution;Databases;FCC;Internet;Investments;Pollution;Power generation economics;TV;Transmitters;Urban areas;White spaces}, 
doi={10.1109/DYSPAN.2010.5457914}, 
ISSN={}, 
month={April},
}
%==================================================
% Book reference Template:
@BOOK{WSBook,
  title = {TV White Space:The First Step Towards Better Utilization of Frequency Spectrum},
  publisher = {Wiley-IEEE Press},
  year = {2016},
  author = {Ser Wah Oh, Yugang Ma, Ming-Hung Tao, Edward Peh},
  owner = {},
  timestamp = {}
}
%====================================================
@INPROCEEDINGS{f-ofdm_enabler, 
author={X. Zhang and M. Jia and L. Chen and J. Ma and J. Qiu}, 
booktitle={2015 IEEE Global Communications Conference (GLOBECOM)}, 
title={Filtered-OFDM - Enabler for Flexible Waveform in the 5th Generation Cellular Networks}, 
year={2015}, 
volume={}, 
number={}, 
pages={1-6}, 
month={Dec},}
%====================================================
@INPROCEEDINGS{WaveletfOFDM, 
author={A. Farhang and M. Molavi Kakhki and B. Farhang-Boroujeny}, 
booktitle={2010 5th International Symposium on Telecommunications}, 
title={Wavelet-OFDM versus filtered-OFDM in power line communication systems}, 
year={2010}, 
volume={}, 
number={}, 
pages={691-694}, 
doi={10.1109/ISTEL.2010.5734111}, 
ISSN={}, 
month={Dec},}
%====================================================
@INPROCEEDINGS{multi_trade, 
author={J. Bazzi and P. Weitkemper and K. Kusume and A. Benjebbour and Y. Kishiyama}, 
booktitle={2015 IEEE Globecom Workshops (GC Wkshps)}, title={Design and Performance Tradeoffs of Alternative Multi-Carrier Waveforms for 5G}, 
year={2015}, 
volume={}, 
number={}, 
pages={1-6}, 
doi={10.1109/GLOCOMW.2015.7414010}, 
ISSN={}, 
month={Dec},}
%====================================================
@INPROCEEDINGS{fofdm_fieldtrial, 
author={D. Wu and X. Zhang and J. Qiu and L. Gu and Y. Saito and A. Benjebbour and Y. Kishiyama}, 
booktitle={2016 IEEE Globecom Workshops (GC Wkshps)}, title={A Field Trial of f-OFDM toward 5G}, 
year={2016}, 
volume={}, 
number={}, 
pages={1-6}, 
doi={10.1109/GLOCOMW.2016.7848810}, 
ISSN={}, 
month={Dec},}
%====================================================
@INPROCEEDINGS{fOFDM_hwawei, 
    author                   = {Abdoli, J. and Ming Jia and Jianglei Ma}, 
    booktitle                = {Signal Processing Advances in Wireless Communications (SPAWC), 2015 IEEE 16th International Workshop on}, 
    title                    = {Filtered OFDM: A new waveform for future wireless systems}, 
    year                     = {2015}, 
    pages                    = {66-70}, 
    doi                      = {10.1109/SPAWC.2015.7227001}, 
    month                    = {June},
}
%====================================================
@INPROCEEDINGS{foofdm-filterdesign, 
author={X. Cheng and Y. He and B. Ge and C. He}, 
booktitle={2016 IEEE 83rd Vehicular Technology Conference (VTC Spring)}, 
title={A Filtered OFDM Using FIR Filter Based on Window Function Method}, 
year={2016}, 
volume={}, 
number={}, 
pages={1-5}, 
doi={10.1109/VTCSpring.2016.7504065}, 
ISSN={}, 
month={May},}
%====================================================
@ARTICLE{5gnow_futuremobile, 
    author                   = {Wunder, G. and Jung, P. and Kasparick, M. and Wild, T. and Schaich, F. and Yejian Chen and Brink, S. and Gaspar, I. and Michailow, N. and Festag, A. and Mendes, L. and Cassiau, N. and Ktenas, D. and Dryjanski, M. and Pietrzyk, S. and Eged, B. and Vago, P. and Wiedmann, F.}, 
    journal                  = {Communications Magazine, IEEE}, 
    title={5GNOW: non-orthogonal, asynchronous waveforms for future mobile applications}, 
    year                     = {2014}, 
    volume                   = {52}, 
    number                   = {2}, 
    pages                    = {97-105}, 
    doi                      = {10.1109/MCOM.2014.6736749}, 
    ISSN                     = {0163-6804}, 
    month                    = {February},
}
%====================================================
@book{ref_LTE,
	address = { Chichester, England},
	author = {S. Sesia and M. Baker and I. Toufik},
	edition = {1},
	publisher = {John Wiley \& Sons},
	title = {{LTE - the UMTS long term evolution: from theory to practice}},
	year = {2009}
}
%====================================================
@book{ref_OFDM,
	address = { Chichester, England},
	author = {S. Sesia and M. Baker and I. Toufik},
	edition = {1},
	publisher = {John Wiley \& Sons},
	title = {{Wireless communications over MIMO channels: applications to CDMA and multiple antenna systems}},
	year = {2006}
}
%====================================================
@article{ref_tactile1,
	title = {{5G: Personal Mobile Internet Beyond What Cellular Did to Telephony}},
	volume = {52},
	number = {2},
	journal = {{IEEE} Communications Magazine},
	author = {Fettweis, Gerhard and Alamouti, Siavash},
	month = feb,
	year = {2014},
	pages = {140--145}
}
%====================================================
@article{ref_whatwill5Gbe,
	title = {{What Will 5G Be?}},
	volume = {32},
	number = {6},
	journal = {{IEEE} Journal on Selected Areas},
	author = {J.G. Andrews and others},
	month = jun,
	year = {2014},
	pages = {1065--1082}
}
%====================================================
@ARTICLE{5GNOW,
	author={Wunder, G. and others},
	journal={Communications Magazine, IEEE},
	title={{5GNOW}: non-orthogonal, asynchronous waveforms for future mobile applications},
	year={2014},
	month={February},
	volume={52},
	number={2},
	pages={97-105},
}
%====================================================
@inproceedings{ref_pekka,
	address = {Levi, Finland,},
	author = {P. Pirinen},
	booktitle = {1st International Conference on 5G for Ubiquitous Connectivity (5GU)},
	pages = {43---48},
	title = {{A brief overview of 5G research activities}},
	month = {nov},
	year = {2014},
}
%====================================================
@INPROCEEDINGS{ref_metis, 
	author={Tullberg, H. and Zexian Li and Hoglund, A. and Fertl, P. and Gozalvez-Serrano, D. and Pawlak, K. and Popovski, P. and Mange, G. and Bulakci, O.}, 
	booktitle={European Conference on Networks and Communications (EuCNC)}, 
	title={{Towards the METIS 5G concept: First view on Horizontal Topics concepts}}, 
	year={2014}, 
	pages={1-5}, 
	month={June},
	address = {Bologna, Italy},
	}
%====================================================
@article{ref_tactile_fettweis,
	title = {{The Tactile Internet: Applications and Challenges}},
	volume = {9},
	number = {1},
	journal = {{IEEE} Vehicular Technology Magazine},
	author = {Fettweis, Gerhard P.},
	month = mar,
	year = {2014},
	pages = {64--70},
}
%====================================================
@INPROCEEDINGS{sir_ana, 
author={K. C. Hu and A. G. Armada}, 
booktitle={2016 IEEE 27th Annual International Symposium on Personal, Indoor, and Mobile Radio Communications (PIMRC)}, 
title={SINR analysis of OFDM and f-OFDM for machine type communications}, 
year={2016}, 
volume={}, 
number={}, 
pages={1-6}, 
doi={10.1109/PIMRC.2016.7794702}, 
ISSN={}, 
month={Sept},}
%====================================================
@ARTICLE{Mult_Link, 
author={D. Zhang and M. Matth√© and L. L. Mendes and G. Fettweis}, 
journal={IEEE Transactions on Wireless Communications}, 
title={A Study on the Link Level Performance of Advanced Multicarrier Waveforms Under MIMO Wireless Communication Channels}, 
year={2017}, 
volume={16}, 
number={4}, 
pages={2350-2365}, 
doi={10.1109/TWC.2017.2664820}, 
ISSN={1536-1276}, 
month={April},}
%====================================================
@ARTICLE{heirOFDM, 
author={P. Banelli and S. Buzzi and G. Colavolpe and A. Modenini and F. Rusek and A. Ugolini}, 
journal={IEEE Signal Processing Magazine}, 
title={Modulation Formats and Waveforms for 5G Networks: Who Will Be the Heir of OFDM?: An overview of alternative modulation schemes for improved spectral efficiency}, 
year={2014}, 
volume={31}, 
number={6}, 
pages={80-93}, 
doi={10.1109/MSP.2014.2337391}, 
ISSN={1053-5888}, 
month={Nov},}
%====================================================
@ARTICLE{wran, 
author={N. Tadayon and S. Aissa}, 
journal={IEEE Transactions on Wireless Communications}, 
title={Modeling and Analysis of Cognitive Radio Based IEEE 802.22 Wireless Regional Area Networks}, 
year={2013}, 
volume={12}, 
number={9}, 
pages={4363-4375}, 
doi={10.1109/TWC.2013.13.121310}, 
ISSN={1536-1276}, 
month={September},}
%========================================================
@ARTICLE{5G_intro, 
author={J. G. Andrews and S. Buzzi and W. Choi and S. V. Hanly and A. Lozano and A. C. K. Soong and J. C. Zhang}, 
journal={IEEE Journal on Selected Areas in Communications}, 
title={What Will 5G Be?}, 
year={2014}, 
volume={32}, 
number={6}, 
pages={1065-1082}, 
doi={10.1109/JSAC.2014.2328098}, 
ISSN={0733-8716}, 
month={June},}
%=========================================================
@ARTICLE{gfdm, 
author={N. Michailow and M. Matth√© and I. S. Gaspar and A. N. Caldevilla and L. L. Mendes and A. Festag and G. Fettweis}, 
journal={IEEE Transactions on Communications}, 
title={Generalized Frequency Division Multiplexing for 5th Generation Cellular Networks}, 
year={2014}, 
volume={62}, 
number={9}, 
pages={3045-3061}, 
ISSN={0090-6778}, 
month={Sept},}
%===========================================================
% ABNT NBR 15601:
@MISC{NBR_15601,
  author = {ABNT},
  title = {Televis√£o digital terrestre - Sistema de transmiss√£o},
  month = dec,
  year = {2007},
  url = {http://www.abntcatalogo.com.br/norma.aspx?ID=001606#}
}
%===========================================================
% ITU Recommendation BT.1368:
@MISC{ITU_BT_1368,
  author = {ITU},
  title = {BT.1368: Planning criteria, including protection ratios, for digital terrestrial television services in the VHF/UHF bands},
  month = jun,
  year = {2017},
  url = {https://www.itu.int/rec/R-REC-BT.1368/en}
}
%===========================================================
% Relat√≥rio conviv√™ncia do LTE/ISDB-T:
@MISC{LTE_ISDBT,
  author = {Anatel},
  title = {Relat√≥rio do Teste em laborat√≥rio sobre a conviv√™ncia do LTE na faixa de 700 MHz com ISDB-T},
  month = apr,
  year = {2014},
  url = {http://www.anatel.gov.br/Portal/verificaDocumentos/documento.asp?numeroPublicacao=311026}
}
%=============================================================
% ARIB STD-B31:
@MISC{ARIB_STD_B31,
  author = {ARIB},
  title = {Transmission system for digital terrestrial television broadcasting},
  month = may,
  year = {2001},
  url = {https://www.arib.or.jp/english/html/overview/doc/6-STD-B31v1_6-E2.pdf}
}